<record><leader>00000cas a22000007a 4500</leader><controlfield tag="001">13681319</controlfield><controlfield tag="008">860603d190u1973wvuwr ne      0    0eng d</controlfield><datafield ind1=" " ind2=" " tag="010"><subfield code="a">sn 86092540 </subfield></datafield><datafield ind1=" " ind2=" " tag="040"><subfield code="a">WVC</subfield><subfield code="b">eng</subfield><subfield code="c">WVC</subfield><subfield code="d">OCL</subfield><subfield code="d">OCLCQ</subfield></datafield><datafield ind1=" " ind2=" " tag="042"><subfield code="a">msc</subfield></datafield><datafield ind1="0" ind2=" " tag="130"><subfield code="a">West Union herald (190u)</subfield></datafield><datafield ind1="1" ind2="0" tag="245"><subfield code="a">West Union herald.</subfield></datafield><datafield ind1=" " ind2=" " tag="260"><subfield code="a">West Union, W. Va. :</subfield><subfield code="b">W.F. Shannon,</subfield><subfield code="c">-1973.</subfield></datafield><datafield ind1=" " ind2=" " tag="300"><subfield code="a">v.</subfield></datafield><datafield ind1=" " ind2=" " tag="310"><subfield code="a">Weekly</subfield></datafield><datafield ind1="0" ind2=" " tag="362"><subfield code="a">-v. 88, no. 40 (Oct. 4, 1973).</subfield></datafield><datafield ind1=" " ind2=" " tag="588"><subfield code="a">Description based on: Vol. 24, no. 10 (Sept. 1, 1910).</subfield></datafield><datafield ind1=" " ind2=" " tag="752"><subfield code="a">United States</subfield><subfield code="b">West Virginia</subfield><subfield code="c">Doddridge</subfield><subfield code="d">West Union.</subfield></datafield><datafield ind1="0" ind2="0" tag="780"><subfield code="t">Derrick-herald</subfield><subfield code="w">(DLC)sn 85059608</subfield></datafield></record>